@book{expl-suppl,
  title={Explanatory supplement to the astronomical almanac},
  author={Urban, Sean E. and Seidelmann, P. Kenneth},
  year={2012},
  publisher={University Science Books},
  edition={3},
}

